%% This BibTeX bibliography file was created using BibDesk.
%% http://bibdesk.sourceforge.net/

%% Created for Steven Moran at 2018-06-05 13:28:27 +0200 


%% Saved with string encoding Unicode (UTF-8) 



@inproceedings{Moran_etal2016a,
	Address = {Paris, France},
	Author = {Steven Moran and Robert Schikowski and Danica Pajovi{\'c} and Cazim Hysi and Sabine Stoll},
	Booktitle = {Proceedings of the Tenth International Conference on Language Resources and Evaluation (LREC 2016)},
	Date = {23-28},
	Date-Added = {2018-06-05 11:07:52 +0000},
	Date-Modified = {2018-06-05 11:07:52 +0000},
	Editor = {Nicoletta Calzolari (Conference Chair) and Khalid Choukri and Thierry Declerck and Marko Grobelnik and Bente Maegaard and Joseph Mariani and Asuncion Moreno and Jan Odijk and Stelios Piperidis},
	Isbn = {978-2-9517408-9-1},
	Language = {english},
	Location = {Portoro{\v z}, Slovenia},
	Month = {May},
	Publisher = {European Language Resources Association (ELRA)},
	Title = {The ACQDIV Database: Min(d)ing the Ambient Language},
	Url = {http://www.lrec-conf.org/proceedings/lrec2016/pdf/1198_Paper.pdf},
	Year = {2016},
	Bdsk-Url-1 = {http://www.lrec-conf.org/proceedings/lrec2016/pdf/1198_Paper.pdf}}

@electronic{Stoll_etal2008a,
	Author = {Stoll, Sabine and Meyer, Roland},
	Date-Added = {2018-03-23 09:28:22 +0000},
	Date-Modified = {2018-03-23 09:28:22 +0000},
	Keywords = {Russian},
	Title = {Audio-visional longitudinal corpus on the acquisition of Russian by 5 children},
	Year = {2008}}

@electronic{Stoll_etal2015b,
	Author = {Stoll, Sabine and Lieven, Elena and Banjade, Goma and Bhatta, Toya Nath and Gaenszle, Martin and Paudyal, Netra P. and Rai, Manoj and Rai, Novel Kishor and Rai, Ichchha P. and Zakharko, Taras and Schikowski, Robert and Bickel, Balthasar},
	Date-Added = {2018-03-23 09:27:32 +0000},
	Date-Modified = {2018-03-23 09:27:32 +0000},
	Keywords = {Chintang},
	Title = {Audiovisual corpus on the acquisition of Chintang by six children},
	Year = {2015}}

@electronic{Stoll_etal2015b-unpublished,
	Author = {Stoll, Sabine and Lieven, Elena and Banjade, Goma and Bhatta, Toya Nath and Gaenszle, Martin and Paudyal, Netra P. and Rai, Manoj and Rai, Novel Kishor and Rai, Ichchha P. and Zakharko, Taras and Schikowski, Robert and Bickel, Balthasar},
	Date-Added = {2018-03-23 09:27:32 +0000},
	Date-Modified = {2018-03-23 09:27:32 +0000},
	Keywords = {Chintang},
	Title = {Audiovisual corpus on the acquisition of Chintang by six children},
	Year = {Unpublished}}

@incollection{Stoll_etal2013a,
	Address = {Amsterdam},
	Annote = {submitted},
	Author = {Stoll, Sabine and Bickel, Balthasar},
	Booktitle = {Language typology and historical contingency: studies in honor of Johanna Nichols},
	Date-Added = {2018-03-23 09:26:54 +0000},
	Date-Modified = {2018-03-23 09:26:54 +0000},
	Editor = {Bickel, Balthasar and Grenoble, Lenore A. and Peterson, David A. and Timberlake, Alan},
	Note = {[pre-print available at \url{http://www.psycholinguistics.uzh.ch/stoll/publications/stollbickel.sampling2012rev.pdf}]},
	Pages = {195-260},
	Publisher = {Benjamins},
	Status = {refereed},
	Title = {Capturing diversity in language acquisition research},
	Year = {2013}}

@book{Stoll2001a,
	Author = {Stoll, Sabine},
	Date-Added = {2018-03-23 09:26:43 +0000},
	Date-Modified = {2018-03-23 09:26:43 +0000},
	Keywords = {Russian; aspect},
	Publisher = {UMI Publications},
	Title = {The acquisition of Russian aspect},
	Type = {Ph.D. Dissertation},
	University = {University of California, Berkeley},
	Year = {2001},
	Bdsk-File-1 = {YnBsaXN0MDDUAQIDBAUGJCVYJHZlcnNpb25YJG9iamVjdHNZJGFyY2hpdmVyVCR0b3ASAAGGoKgHCBMUFRYaIVUkbnVsbNMJCgsMDxJXTlMua2V5c1pOUy5vYmplY3RzViRjbGFzc6INDoACgAOiEBGABIAFgAdccmVsYXRpdmVQYXRoWWFsaWFzRGF0YV8QQC4uLy4uLy4uLy4uLy4uL1ZvbHVtZXMvQWNxZGl2L0xpdGVyYXR1cmUvMi1GaWxlcy9TdG9sbF8yMDAxYS5wZGbSFwsYGVdOUy5kYXRhTxEBhgAAAAABhgACAAAGQWNxZGl2AAAAAAAAAAAAAAAAAAAAAAAAAAAAAAAAAEJEAAH/////D1N0b2xsXzIwMDFhLnBkZgAAAAAAAAAAAAAAAAAAAAAAAAAAAAAAAAAAAAAAAAAAAAAAAAAAAAAAAAAAAAAAAP////8AAAAAAAAAAAAAAAD/////AAASAWN1AAAAAAAAAAAAAAAAAAcyLUZpbGVzAAACADMvOlZvbHVtZXM6QWNxZGl2OkxpdGVyYXR1cmU6Mi1GaWxlczpTdG9sbF8yMDAxYS5wZGYAAA4AIAAPAFMAdABvAGwAbABfADIAMAAwADEAYQAuAHAAZABmAA8ADgAGAEEAYwBxAGQAaQB2ABIAIy9MaXRlcmF0dXJlLzItRmlsZXMvU3RvbGxfMjAwMWEucGRmAAATAA8vVm9sdW1lcy9BY3FkaXYAAAkAMgAyY2lmcwAAAQAAAHNtYjovL3NzdG9sbEBzZXJ2ZXIuaXZzLnV6aC5jaC9BY3FkaXYA//8AAIAG0hscHR5aJGNsYXNzbmFtZVgkY2xhc3Nlc11OU011dGFibGVEYXRhox0fIFZOU0RhdGFYTlNPYmplY3TSGxwiI1xOU0RpY3Rpb25hcnmiIiBfEA9OU0tleWVkQXJjaGl2ZXLRJidUcm9vdIABAAgAEQAaACMALQAyADcAQABGAE0AVQBgAGcAagBsAG4AcQBzAHUAdwCEAI4A0QDWAN4CaAJqAm8CegKDApEClQKcAqUCqgK3AroCzALPAtQAAAAAAAACAQAAAAAAAAAoAAAAAAAAAAAAAAAAAAAC1g==}}

@electronic{Schikowski2015a,
	Author = {Schikowski, Robert},
	Date-Added = {2018-03-23 09:26:27 +0000},
	Date-Modified = {2018-03-23 09:26:27 +0000},
	Keywords = {Chintang},
	Title = {Conventions for the linguistic analysis of Chintang},
	Url = {http://spwarran.uzh.ch/chintangwiki/index.php/Conventions_for_the_linguistic_analysis_of_Chintang},
	Year = {2015},
	Bdsk-Url-1 = {http://spwarran.uzh.ch/chintangwiki/index.php/Conventions_for_the_linguistic_analysis_of_Chintang}}

@electronic{Sarvasy2017a,
	Author = {Hannah Sarvasy},
	Date-Added = {2018-03-23 09:26:15 +0000},
	Date-Modified = {2018-03-23 09:26:15 +0000},
	Keywords = {Nungon},
	Title = {Sarvasy Nungon Corpus},
	Url = {http://childes.talkbank.org/access/Other/Nungon/Sarvasy.html},
	Year = {2017},
	Bdsk-Url-1 = {http://childes.talkbank.org/access/Other/Nungon/Sarvasy.html}}

@book{Sarvasy2017b,
	Address = {Leiden},
	Author = {Hannah Sarvasy},
	Date-Added = {2018-03-23 09:26:15 +0000},
	Date-Modified = {2018-03-23 09:26:15 +0000},
	Keywords = {Nungon, grammar},
	Publisher = {Brill},
	Title = {A Grammar of Nungon: A Papuan Language of Northeast New Guinea},
	Year = {2017}}

@manual{RCoreTeam2015,
	Address = {Vienna, Austria},
	Author = {{R Core Team}},
	Date-Added = {2018-03-23 09:26:01 +0000},
	Date-Modified = {2018-03-23 09:26:01 +0000},
	Organization = {R Foundation for Statistical Computing},
	Title = {R: A Language and Environment for Statistical Computing},
	Url = {https://www.R-project.org},
	Year = {2015},
	Bdsk-Url-1 = {https://www.R-project.org}}

@electronic{Pfeiler2015a,
	Author = {Pfeiler, Barbara},
	Date-Added = {2018-03-23 09:25:19 +0000},
	Date-Modified = {2018-03-23 09:25:19 +0000},
	Keywords = {Yucatec},
	Title = {Pfeiler Yucatec Child Language Corpus},
	Year = {Unpublished}}

@book{Miyata_etal2009a,
	Address = {Pittsburgh, PA},
	Author = {Miyata, Susanne and Nisisawa, Hiro Yuki},
	Date-Added = {2018-03-23 09:24:29 +0000},
	Date-Modified = {2018-03-23 09:24:29 +0000},
	Keywords = {Japanese},
	Publisher = {Talkbank},
	Title = {MiiPro - Asato Corpus},
	Year = {2009}}

@book{Miyata_etal2010a,
	Address = {Pittsburgh, PA},
	Author = {Miyata, Susanne and Nisisawa, Hiro Yuki},
	Date-Added = {2018-03-23 09:24:29 +0000},
	Date-Modified = {2018-03-23 09:24:29 +0000},
	Keywords = {Japanese},
	Publisher = {Talkbank},
	Title = {MiiPro - Tomito Corpus},
	Year = {2010}}

@book{Nisisawa_etal2009a,
	Address = {Pittsburgh, PA},
	Author = {Nisisawa, Hiro Yuki and Miyata, Susanne},
	Date-Added = {2018-03-23 09:24:29 +0000},
	Date-Modified = {2018-03-23 09:24:29 +0000},
	Keywords = {Japanese},
	Publisher = {Talkbank},
	Title = {MiiPro - Nanami Corpus},
	Year = {2009}}

@book{Nisisawa_etal2010a,
	Address = {Pittsburgh, PA},
	Author = {Nisisawa, Hiro Yuki and Miyata, Susanne},
	Date-Added = {2018-03-23 09:24:29 +0000},
	Date-Modified = {2018-03-23 09:24:29 +0000},
	Keywords = {Japanese},
	Publisher = {Talkbank},
	Title = {MiiPro - ArikaM Corpus},
	Year = {2010}}

@electronic{Miyata2012a,
	Author = {Miyata, Susanne},
	Date-Added = {2018-03-23 09:23:55 +0000},
	Date-Modified = {2018-03-23 09:23:55 +0000},
	Keywords = {Japanese},
	Title = {Japanese CHILDES: The 2012 CHILDES manual for Japanese},
	Url = {http://www2.aasa.ac.jp/people/smiyata/CHILDESmanual/chapter01.html},
	Year = {2012},
	Bdsk-Url-1 = {http://www2.aasa.ac.jp/people/smiyata/CHILDESmanual/chapter01.html}}

@book{Miyata2004a,
	Address = {Pittsburgh, PA},
	Author = {Miyata, Susanne},
	Date-Added = {2018-03-23 09:23:46 +0000},
	Date-Modified = {2018-03-23 09:23:46 +0000},
	Keywords = {Japanese},
	Publisher = {Talkbank},
	Title = {Aki Corpus},
	Year = {2004}}

@book{Miyata2004b,
	Address = {Pittsburgh, PA},
	Author = {Miyata, Susanne},
	Date-Added = {2018-03-23 09:23:46 +0000},
	Date-Modified = {2018-03-23 09:23:46 +0000},
	Keywords = {Japanese},
	Publisher = {Talkbank},
	Title = {Ryo Corpus},
	Year = {2004}}

@book{Miyata2004c,
	Address = {Pittsburgh, PA},
	Author = {Miyata, Susanne},
	Date-Added = {2018-03-23 09:23:46 +0000},
	Date-Modified = {2018-03-23 09:23:46 +0000},
	Keywords = {Japanese},
	Publisher = {Talkbank},
	Title = {Tai Corpus},
	Year = {2004}}

@book{MacWhinney2000a,
	Address = {Mahwah, NJ},
	Author = {MacWhinney, Brian},
	Date-Added = {2018-03-23 09:23:31 +0000},
	Date-Modified = {2018-03-23 09:23:31 +0000},
	Publisher = {Lawrence Erlbaum Associates},
	Title = {The CHILDES project: tools for analyzing talk},
	Year = {2000}}

@electronic{Kuntay2015a,
	Author = {K{\"u}ntay, Aylin C. and Ko{\c c}ba{\c s}, Dilara and Sabri Ta{\c s}{\c c}Ä±, S{\"u}leyman},
	Date-Added = {2018-03-23 09:23:14 +0000},
	Date-Modified = {2018-03-23 09:23:14 +0000},
	Keywords = {Turkish},
	Title = {Ko{\c c} University Longitudinal Language Development Database on language acquisition of 8 children from 8 to 36 months of age},
	Year = {Unpublished}}

@electronic{Gil_etal2007a,
	Author = {Gil, David and Tadmor, Uri},
	Date-Added = {2018-03-23 09:21:20 +0000},
	Date-Modified = {2018-03-23 09:21:20 +0000},
	Title = {The MPI-EVA Jakarta Child Language Database. A joint project of the Department of Linguistics, Max Planck Institute for Evolutionary Anthropology and the Center for Language and Culture Studies, Atma Jaya Catholic University},
	Url = {https://jakarta.shh.mpg.de/acquisition.php},
	Year = {2007},
	Bdsk-Url-1 = {http://lingweb.eva.mpg.de/jakarta/data_acquisition.php}}

@incollection{Demuth1992b,
	Address = {Hillsdale, NJ},
	Author = {Demuth, Katherine A.},
	Booktitle = {The crosslinguistic study of language acquisition},
	Date-Added = {2018-03-23 09:20:59 +0000},
	Date-Modified = {2018-03-23 09:20:59 +0000},
	Editor = {Slobin, Dan Isaac},
	Keywords = {Sotho/Lesotho/Sesotho},
	Pages = {557-638},
	Publisher = {Lawrence Erlbaum Associates},
	Title = {Acquisition of Sesotho},
	Volume = {3},
	Year = {1992}}

@electronic{Demuth2015a,
	Author = {Demuth, Katherine},
	Date-Added = {2018-03-23 09:20:19 +0000},
	Date-Modified = {2018-03-23 09:20:19 +0000},
	Keywords = {Sesotho},
	Title = {Demuth Sesotho Corpus},
	Url = {http://childes.talkbank.org/access/Other/Sesotho/Demuth.html},
	Year = {2015},
	Bdsk-Url-1 = {http://childes.psy.cmu.edu/data-xml/Other/Sesotho/}}

@electronic{Brittain2015a,
	Author = {Brittain, Julie},
	Date-Added = {2018-03-23 09:19:46 +0000},
	Date-Modified = {2018-03-23 09:19:46 +0000},
	Keywords = {Cree},
	Title = {Corpus of the Chisasibi Child Language Acquisition Study (CCLAS)},
	Url = {http://phonbank.talkbank.org/access/Other/Cree/CCLAS.html},
	Year = {2015},
	Bdsk-Url-1 = {http://childes.psy.cmu.edu/data-xml/Other/Cree/}}

@book{Allen1996a,
	Address = {Amsterdam},
	Author = {Allen, Shanley E. M.},
	Date-Added = {2018-03-23 09:19:35 +0000},
	Date-Modified = {2018-03-23 09:19:35 +0000},
	Keywords = {Inuktitut},
	Publisher = {Benjamins},
	Title = {Aspects of argument structure acquisition in Inuktitut},
	Year = {1996}}

@electronic{Allen2015a,
	Author = {Allen, Shanley},
	Date-Added = {2018-03-23 09:19:23 +0000},
	Date-Modified = {2018-03-23 09:19:23 +0000},
	Keywords = {Inuktitut},
	Title = {Allen Inuktitut Child Language Corpus},
	Year = {Unpublished}}

@unpublished{Acton2013a,
	Author = {Acton, Sara},
	Date-Added = {2018-03-23 09:13:50 +0000},
	Date-Modified = {2018-03-23 09:13:50 +0000},
	Note = {unpublished manuscript},
	Title = {CCLAS Auto-Parser Guide},
	Year = {2013}}
